@Book{xie2015,
  title = {Dynamic Documents with {R} and knitr},
  author = {Yihui Xie},
  publisher = {Chapman and Hall/CRC},
  address = {Boca Raton, Florida},
  year = {2015},
  edition = {2nd},
  note = {ISBN 978-1498716963},
  url = {http://yihui.org/knitr/},
}

@book{elzinga2009,
   author = {Caryl L Elzinga and Daniel W Salzer and John W Willoughby and James P Gibbs},
   isbn = {9781444313109},
   pages = {368},
   publisher = {John Wiley & Sons},
   title = {Monitoring Plant and Animal Populations: A Handbook for Field Biologists},
   year = {2009},
}

@article{buckland2006,
   author = {Buckland, ST},
   doi = {10.1642/0004-8038(2006)123},
   issn = {0004-8038},
   issue = {2},
   journal = {The AuK},
   keywords = {cue-count survey,line-transect sampling,point-transect sampling,snapshot method},
   month = {4},
   pages = {345-357},
   publisher = {American Ornithological Society},
   title = {Point-Transect Surveys For Songbirds:Robust Methodologies},
   volume = {123},
   year = {2006},
}

@article{anderson1979,
   author = {David R. Anderson and Jeffrey L. Laake and Bradford R. Crain and Kenneth P. Burnham},
   doi = {10.2307/3800636},
   issn = {0022541X},
   issue = {1},
   journal = {The Journal of Wildlife Management},
   month = {1},
   pages = {70},
   publisher = {JSTOR},
   title = {Guidelines for Line Transect Sampling of Biological Populations},
   volume = {43},
   year = {1979},
}

@book{heyer1994,
   author = {W Ronald Heyer and Maureen A Donnelly and Roy W McDiarmid and Lee-Ann C Hayek and Mercedes S Foster},
   city = {Washington, DC.},
   isbn = {1560982845},
   publisher = {Smithsonian Institution Press},
   title = {Measuring and monitoring biological diversity: Standard methods for amphibians},
   url = {http://pubs.er.usgs.gov/publication/5200175},
   year = {1994},
}

@book{browning2017,
   author = {Ella Browning and Rory Gibb and Paul Glover-Kapfer and Kate E Jones},
   city = {Woking, United Kingdom},
   publisher = {WWF Conservation Technology Series 1(2). WWF-UK},
   title = {Passive acoustic monitoring in ecology and conservation},
   year = {2017},
}

@article{bovendorp2017,
author = {Ricardo S. Bovendorp and Robert A. McCleery and Mauro Galetti},
   doi = {10.1111/MAM.12088},
   issn = {1365-2907},
   issue = {2},
   journal = {Mammal Review},
   keywords = {Cricetidae,Didelphimorphia,biodiversity hotspots,communities,sampling methods},
   month = {4},
   pages = {148-158},
   publisher = {John Wiley & Sons, Ltd},
   title = {Optimising sampling methods for small mammal communities in Neotropical rainforests},
   volume = {47},
   url = {doi/full/10.1111/mam.12088},
   year = {2017},
}

@book{prasetyo2011,
   author = {P.N Prasetyo and S Noerfahmy and H.L Tata},
   city = {Bogor, Indonesia},
   isbn = {978-979-3198-67-5},
   pages = {75},
   publisher = {World Agroforestry Centre - ICRAF, SEA Regional Office},
   title = {Jenis-jenis Kelelawar Agroforest Sumatera (Bats in Agroforests in Sumatra)},
   year = {2011},
}

@book{rovero2016,
   author = {Francesco Rovero and Fridolin Zimmermann},
   isbn = {1784270482},
   pages = {320},
   publisher = {Pelagic Publishing},
   title = {Camera trapping for wildlife research},
   year = {2016},
}

@book{mackinnon1993,
  title={A field guide to the birds of Borneo, Sumatra, Java, and Bali, the Greater Sunda Islands},
  author={MacKinnon, John Ramsay and Phillipps, Karen},
  city = {Oxford},
  isbn = {0198540345},
  pages = {491},
  year={1993},
  publisher={Oxford University Press}
}

@article{hill2019,
  title={AudioMoth: A low-cost acoustic device for monitoring biodiversity and the environment},
  author={Hill, Andrew P and Prince, Peter and Snaddon, Jake L and Doncaster, C Patrick and Rogers, Alex},
  journal={HardwareX},
  volume={6},
  pages={e00073},
  year={2019},
  publisher={Elsevier}
}

@incollection{buckland2015,
  title={Desingning Surveys in Distance Sampling: Methods and Applications},
  author={Buckland, ST and Rexstad, EA and Marques, TA and Oedekoven, CS},
  booktitle={Methods in Statistical Ecology},
  volume={63},
  year={2015},
  publisher={Springer International Publishing Cham}
}

@article{atmoko2012,
  title={Buku panduan survei sarang Orangutan},
  author={Atmoko, Sri Suci Utami and Rifqi, M Arif},
  journal={Jakarta: FORINA dan Fakultas Biologi Universitas Nasional},
  year={2012}
}

@book{pinondang2018,
  title={Protokol Survei Okupansi  Harimau Sumatera},
  author={Pinondang, IMR and Ariyanto, T and Lubis, MI and Kheng, V and Surahmat, F and Suryometaram, S and Widodo, FA and Avriandy, R},
  year={2018},
  publisher={Direktorat Konservasi Keanekaragaman Hayati, DITJEN KSDAE-KLHK}
}

@book{van1983,
  title={A guide to the tracks of the mammals of western Indonesia},
  author={Van Strien, Nico J},
  year={1983},
  publisher={School of Environmental Conservation Management}
}

@article{chame2003,
   author = {Marcia Chame},
   doi = {10.1590/S0074-02762003000900014},
   issn = {00740276},
   issue = {SUPPL. 1},
   journal = {Memorias do Instituto Oswaldo Cruz},
   keywords = {Coprolites,Fauna,Feces,Terrestrial mammals},
   pages = {71-94},
   pmid = {12687767},
   publisher = {Fundacao Oswaldo Cruz},
   title = {Terrestrial Mammal Feces: A Morphometric Summary and Description},
   volume = {98},
   year = {2003},
}


@article{diaz2011,
  title={Rediscovery and redescription of Marmosops handleyi (Pine, 1981)(Didelphimorphia: Didelphidae), the least known Andean slender mouse opossum},
  author={D{\'\i}az-N, Juan F and G{\'o}mez-Laverde, Marcela and S{\'a}nchez-Giraldo, Camilo},
  journal={Mastozoolog{\'\i}a Neotropical},
  volume={18},
  number={1},
  pages={45--61},
  year={2011},
  publisher={SciELO Argentina}
}

@article{alibhai2017,
  title={The challenge of monitoring elusive large carnivores: An accurate and cost-effective tool to identify and sex pumas (Puma concolor) from footprints},
  author={Alibhai, Sky and Jewell, Zoe and Evans, Jonah},
  journal={PloS one},
  volume={12},
  number={3},
  pages={e0172065},
  year={2017},
  publisher={Public Library of Science San Francisco, CA USA}
}

@article{borissenko2003,
  title={Bats of Vietnam and adjacent territories},
  author={Borissenko, AV and Kruskop, SV},
  journal={An identification manual. Moscow: GEOS},
  year={2003}
}

@book{krisnawati2012,
   author = {Haruni Krisnawati and Wahyu Catur Adinugroho and Rinaldi Imanuddin},
   city = {Bogor},
   isbn = {978-979-3145-90-7},
   publisher = {Pusat Penelitian dan Pengembangan Konservasi dan Rehabilitasi, Badan Penelitian dan Pengembangan Kehutanan – Kementerian Kehutanan},
   title = {Model-Model Alometrik untuk Pendugaan Biomassa Pohon pada Berbagai Tipe Ekosistem Hutan di Indonesia},
   year = {2012},
}

@book{indonesia2011a,
  title={SNI 7724:2011 Pengukuran dan penghitungan cadangan karbon–Pengukuran lapangan untuk penaksiran cadangan karbon hutan (ground based forest carbon accounting)},
  author={Indonesia, Standar Nasional},
  year={2011},
  publisher={Badan Standarisasi Indonesia. SNI}
}

@book{indonesia2011b,
  title={SNI 7725:2011 Penyusunan Persamaan Alometrik Untuk Penaksiran Cadangan Karbon Hutan Berdasar Pengukuran Lapangan (Ground Based Forest Carbon Accounting)},
  author={Indonesia, Standar Nasional},
  year={2011},
  publisher={Badan Standarisasi Indonesia. SNI}
}

@report{IPCC2012,
   author = {IPCC},
   city = {Cambridge },
   institution = {Cambridge University Press},
   title = {Managing the Risks of Extreme Events and Disasters to Advance Climate Change Adaptation},
   url = {http://ipcc-wg2.gov/SREX/report/},
   year = {2012},
}

@report{penman2003,
   author = {Jim Penman and Michael Gytarsky and Taka Hiraishi and Thelma Krug and Dina Kruger and Riitta Pipatti and Leandro Buendia and Kyoko Miwa and Todd, Ngara and Kiyoto Tanabe and Fabian Wagner},
   isbn = {4-88788-003-0},
   institution = {Institute for Global Environmental Strategies},
   title = {Good Practice Guidance for Land Use, Land-Use Change and Forestry},
   url = {https://www.ipcc.ch/publication/good-practice-guidance-for-land-use-land-use-change-and-forestry/},
   year = {2003},
}

@report{eggleston2006,
   author = {Simon Eggleston and Leandro Buendia and Kyoko Miwa and Todd Ngara and Kiyoto Tanabe},
   institution = {Institute for Global Environmental Strategies },
   publisher = {Institute for Global Environmental Strategies (IGES) Hayama, Japan},
   title = {IPCC Guidelines for National Greenhouse Gas Inventories},
   url = {http://www.ipcc-nggip.iges.or.jp/public/2006gl/index.htm},
   year = {2006},
}